@article{wasm,
  author    = {Andreas Rossberg and
               Ben L. Titzer and
               Andreas Haas and
               Derek L. Schuff and
               Dan Gohman and
               Luke Wagner and
               Alon Zakai and
               J. F. Bastien and
               Michael Holman},
  title     = {Bringing the web up to speed with WebAssembly},
  journal   = {Commun. {ACM}},
  volume    = {61},
  number    = {12},
  pages     = {107--115},
  year      = {2018},
  url       = {https://doi.org/10.1145/3282510},
  doi       = {10.1145/3282510},
  timestamp = {Wed, 16 Mar 2022 23:50:46 +0100},
  biburl    = {https://dblp.org/rec/journals/cacm/RossbergTHSGWZB18.bib},
  bibsource = {dblp computer science bibliography, https://dblp.org}
}



@article{mswasm,
  author       = {Alexandra E. Michael and
                  Anitha Gollamudi and
                  Jay Bosamiya and
                  Evan Johnson and
                  Aidan Denlinger and
                  Craig Disselkoen and
                  Conrad Watt and
                  Bryan Parno and
                  Marco Patrignani and
                  Marco Vassena and
                  Deian Stefan},
  title        = {MSWasm: Soundly Enforcing Memory-Safe Execution of Unsafe Code},
  journal      = {Proc. {ACM} Program. Lang.},
  volume       = {7},
  number       = {{POPL}},
  pages        = {425--454},
  year         = {2023},
  url          = {https://doi.org/10.1145/3571208},
  doi          = {10.1145/3571208},
  timestamp    = {Thu, 16 Mar 2023 10:47:39 +0100},
  biburl       = {https://dblp.org/rec/journals/pacmpl/MichaelGBJDDWPPVS23.bib},
  bibsource    = {dblp computer science bibliography, https://dblp.org}
}

@article{iriswasm,
  author       = {Xiaojia Rao and
                  A{\"i}na Linn Georges and
                  Maxime Legoupil and
                  Conrad Watt and
                  Jean Pichon-Pharabod and
                  Philippa Gardner and
                  Lars Birkedal},
  title        = {Iris-Wasm: Robust and Modular Verification of WebAssembly Programs},
  journal      = {Proc. {ACM} Program. Lang.},
  volume       = {7},
  number       = {{PLDI}},
  pages        = {151--176},
  year         = {2023},
  url          = {https://doi.org/10.1145/3591265},
  doi          = {10.1145/3591265},
  timestamp    = {Thu, 16 Mar 2023 10:47:39 +0100},
  biburl       = {https://dblp.org/rec/journals/pacmpl/MichaelGBJDDWPPVS23.bib},
  bibsource    = {dblp computer science bibliography, https://dblp.org}
}




@inproceedings{capabilities,
  author       = {Dominique Devriese and
                  Lars Birkedal and
                  Frank Piessens},
  title        = {Reasoning about Object Capabilities with Logical Relations and Effect
                  Parametricity},
  booktitle    = {{IEEE} European Symposium on Security and Privacy, EuroS{\&}P
                  2016, Saarbr{\"{u}}cken, Germany, March 21-24, 2016},
  pages        = {147--162},
  publisher    = {{IEEE}},
  year         = {2016},
  url          = {https://doi.org/10.1109/EuroSP.2016.22},
  doi          = {10.1109/EuroSP.2016.22},
  timestamp    = {Wed, 16 Oct 2019 14:14:55 +0200},
  biburl       = {https://dblp.org/rec/conf/eurosp/DevrieseBP16.bib},
  bibsource    = {dblp computer science bibliography, https://dblp.org}
}


 @article{iris,
  author       = {Ralf Jung and
                  Robbert Krebbers and
                  Jacques{-}Henri Jourdan and
                  Ales Bizjak and
                  Lars Birkedal and
                  Derek Dreyer},
  title        = {Iris from the ground up: {A} modular foundation for higher-order concurrent
                  separation logic},
  journal      = {J. Funct. Program.},
  volume       = {28},
  pages        = {e20},
  year         = {2018},
  url          = {https://doi.org/10.1017/S0956796818000151},
  doi          = {10.1017/S0956796818000151},
  timestamp    = {Sun, 02 Oct 2022 15:41:17 +0200},
  biburl       = {https://dblp.org/rec/journals/jfp/JungKJBBD18.bib},
  bibsource    = {dblp computer science bibliography, https://dblp.org}
}