 @article{wasm,
  author    = {Andreas Rossberg and
               Ben L. Titzer and
               Andreas Haas and
               Derek L. Schuff and
               Dan Gohman and
               Luke Wagner and
               Alon Zakai and
               J. F. Bastien and
               Michael Holman},
  title     = {Bringing the web up to speed with WebAssembly},
  journal   = {Commun. {ACM}},
  volume    = {61},
  number    = {12},
  pages     = {107--115},
  year      = {2018},
  url       = {https://doi.org/10.1145/3282510},
  doi       = {10.1145/3282510},
  timestamp = {Wed, 16 Mar 2022 23:50:46 +0100},
  biburl    = {https://dblp.org/rec/journals/cacm/RossbergTHSGWZB18.bib},
  bibsource = {dblp computer science bibliography, https://dblp.org}
}


@article{mswasm,
author = {InsertAuthorHere}
title = {MSWasm, insert true title here}
year = {2022}
}


@article{iriswasm,
author = {Rao and
ALG and
ML and
insert other authors here}
title = {Iris-Wasm, insert true title here}
year = {2023}
}

@article{capabilities,
author = {InsertAuthorHere}
title = {capabilities, insert true title here}
year = {2020}
}